%% start of file `posters.bib'.
%% Copyright 2006-2012 Xavier Danaux (xdanaux at gmail.com).
%
% This work may be distributed and/or modified under the
% conditions of the LaTeX Project Public License version 1.3c,
% available at http://www.latex-project.org/lppl/.
@inproceedings{harris:2019amscg,
author = {\textbf{Harris L} and Vanheusden R and Darmanis S},
title = {{Cerebra: a new tool for high-throughput variant call processing}},
booktitle = {{Algorithms and models for Single-cell genomics}},
year = {2019},
address = {{Irvine, CA}},
month = jun,
}

@inproceedings{maynard:2018lung,
author = {\textbf{Harris L}, and Maynard A and McCoach C and Rotow J and and Darmanis S and Blakely C and Bivona T and others},
title = {{Single-cell characterization of the tumor microenvironment in advanced stage Lung Adenocarcinoma}},
booktitle = {{Chan Zuckerberg Biohub Inter-lab Confab}},
year = {2018},
address = {{San Francisco, CA}},
month = oct,
}

@inproceedings{harris:2016corella,
author = {\textbf{Harris L}, and Schug J and Kaplinsky N and Davidson B},
title = {{Towards an assembled genome and transcriptome of \emph{Corella Inflata}}},
booktitle = {{Sigma Xi National Honor Society Student Research Showcase}},
year = {2016},
address = {{Swarthmore, PA}},
month = oct,
}

%% end of file `posters.bib'.