%% start of file `publications.bib'.
%% Copyright 2006-2012 Xavier Danaux (xdanaux at gmail.com).
%
% This work may be distributed and/or modified under the
% conditions of the LaTeX Project Public License version 1.3c,
% available at http://www.latex-project.org/lppl/.

@article{debiasse2019corella,
  title={{The genome of Corella inflata and phylogeny of Tunicata}},
  author={DeBiasse M and Colgan W and \textbf{Harris L} and Ryan J and Davidson B},
  journal={submitted to Molecular Biology and Evolution},
  year={2019},
}

@article{maynard2019lung,
  title={{Heterogeneity and targeted therapy-induced adaptations in lung cancer revealed by single-cell RNA-seq}},
  author={Maynard A and McCoach C and Rotow J* and \textbf{Harris L}* and Darmanis S and Blakely C and Bivona T and others},
  journal={submitted to Cell},
  year={2019},
  note={\newline *These authors contributed equally to this work}
}

@article{tmc2019tabulaMuris,
  title={\href{https://www.biorxiv.org/content/10.1101/662254v1}{The murine transcriptome reveals global aging nodes with organ-specific phase and amplitude.}},
  author={Schaum N and \textbf{The Tabula Muris Consortium} and others},
  journal={bioRxiv},
  year={2019},
}

@article{blehh2019tabulaMuris,
  title={\href{https://www.biorxiv.org/content/10.1101/661728v2}{A single cell transcriptomic atlas characterizes aging tissues in the mouse}},
  author={\textbf{The Tabula Muris Consortium} and others},
  journal={bioRxiv},
  year={2019},
}

@article{harris2019cerebra,
  title={{Cerebra: a tool for high-throughput variant call processing.}},
  author={\textbf{Harris L} and Vanheusden R and Darmanis S},
  journal={manuscript in preparation},
  year={2019},
}

%% end of file `publications.bib'.